<record><leader>00000cas a22000007a 4500</leader><controlfield tag="001">15257108</controlfield><controlfield tag="008">870302d19711975inudn ne      0    0eng d</controlfield><datafield ind1=" " ind2=" " tag="010"><subfield code="a">sn 87055274 </subfield></datafield><datafield ind1=" " ind2=" " tag="040"><subfield code="a">NPI</subfield><subfield code="b">eng</subfield><subfield code="c">NPI</subfield><subfield code="d">NSD</subfield><subfield code="d">OCLCQ</subfield></datafield><datafield ind1=" " ind2=" " tag="042"><subfield code="a">msc</subfield></datafield><datafield ind1="0" ind2=" " tag="130"><subfield code="a">Frankfort times (Frankfort, Ind. : Daily)</subfield></datafield><datafield ind1="1" ind2="4" tag="245"><subfield code="a">The Frankfort times.</subfield></datafield><datafield ind1=" " ind2=" " tag="260"><subfield code="a">Frankfort, Ind. :</subfield><subfield code="b">Frankfort Times, Inc.,</subfield><subfield code="c">1971-1975.</subfield></datafield><datafield ind1=" " ind2=" " tag="310"><subfield code="a">Daily (except Sun.)</subfield></datafield><datafield ind1="0" ind2=" " tag="362"><subfield code="a">77th year, no. 50 (June 8, 1971)-80th year, no. 90 (July 24, 1974) ; July 25, 1974-June 14, 1975.</subfield></datafield><datafield ind1=" " ind2=" " tag="752"><subfield code="a">United States</subfield><subfield code="b">Indiana</subfield><subfield code="c">Clinton</subfield><subfield code="d">Frankfort.</subfield></datafield><datafield ind1="0" ind2="0" tag="780"><subfield code="t">Frankfort morning times</subfield><subfield code="w">(DLC)sn 87055273</subfield></datafield><datafield ind1="0" ind2="0" tag="785"><subfield code="t">Times (Frankfort, Ind.)</subfield><subfield code="x">1089-8220</subfield><subfield code="w">(DLC)sn 87055275</subfield></datafield><datafield ind1="1" ind2=" " tag="029"><subfield code="a">AU@</subfield><subfield code="b">000025825559</subfield></datafield></record>